%YAML 1.1
%TAG !u! tag:unity3d.com,2011:
--- !u!1 &3612697912020295603
GameObject:
  m_ObjectHideFlags: 0
  m_CorrespondingSourceObject: {fileID: 0}
  m_PrefabInstance: {fileID: 0}
  m_PrefabAsset: {fileID: 0}
  serializedVersion: 6
  m_Component:
  - component: {fileID: 4458184572488287479}
  m_Layer: 0
  m_Name: "Ca\xF1on"
  m_TagString: Untagged
  m_Icon: {fileID: 0}
  m_NavMeshLayer: 0
  m_StaticEditorFlags: 0
  m_IsActive: 1
--- !u!4 &4458184572488287479
Transform:
  m_ObjectHideFlags: 0
  m_CorrespondingSourceObject: {fileID: 0}
  m_PrefabInstance: {fileID: 0}
  m_PrefabAsset: {fileID: 0}
  m_GameObject: {fileID: 3612697912020295603}
  m_LocalRotation: {x: 0.00000003774895, y: 1.11022296e-16, z: -1.11022296e-16, w: 1}
  m_LocalPosition: {x: 0, y: 0.124, z: 2.072}
  m_LocalScale: {x: 1, y: 1, z: 1}
  m_Children: []
  m_Father: {fileID: 6288968811206617359}
  m_RootOrder: 0
  m_LocalEulerAnglesHint: {x: 0, y: 0, z: 0}
--- !u!1 &6288968811206718767
GameObject:
  m_ObjectHideFlags: 0
  m_CorrespondingSourceObject: {fileID: 0}
  m_PrefabInstance: {fileID: 0}
  m_PrefabAsset: {fileID: 0}
  serializedVersion: 6
  m_Component:
  - component: {fileID: 6288968811206617359}
  - component: {fileID: 6288968811203750191}
  - component: {fileID: 6288968811204717551}
  - component: {fileID: 7285435210174887179}
  - component: {fileID: 7356844564578191107}
  m_Layer: 0
  m_Name: Escopeta
  m_TagString: Untagged
  m_Icon: {fileID: 0}
  m_NavMeshLayer: 0
  m_StaticEditorFlags: 0
  m_IsActive: 1
--- !u!4 &6288968811206617359
Transform:
  m_ObjectHideFlags: 0
  m_CorrespondingSourceObject: {fileID: 0}
  m_PrefabInstance: {fileID: 0}
  m_PrefabAsset: {fileID: 0}
  m_GameObject: {fileID: 6288968811206718767}
  m_LocalRotation: {x: -0.00000003774895, y: -1.11022296e-16, z: 1.11022296e-16, w: 1}
  m_LocalPosition: {x: 0, y: 0, z: 0}
  m_LocalScale: {x: 1, y: 1, z: 1}
  m_Children:
  - {fileID: 4458184572488287479}
  m_Father: {fileID: 0}
  m_RootOrder: 0
  m_LocalEulerAnglesHint: {x: 0, y: 0, z: 0}
--- !u!33 &6288968811203750191
MeshFilter:
  m_ObjectHideFlags: 0
  m_CorrespondingSourceObject: {fileID: 0}
  m_PrefabInstance: {fileID: 0}
  m_PrefabAsset: {fileID: 0}
  m_GameObject: {fileID: 6288968811206718767}
  m_Mesh: {fileID: 4300002, guid: d781be840f90ee34ba37af9aa4082237, type: 3}
--- !u!23 &6288968811204717551
MeshRenderer:
  m_ObjectHideFlags: 0
  m_CorrespondingSourceObject: {fileID: 0}
  m_PrefabInstance: {fileID: 0}
  m_PrefabAsset: {fileID: 0}
  m_GameObject: {fileID: 6288968811206718767}
  m_Enabled: 1
  m_CastShadows: 1
  m_ReceiveShadows: 1
  m_DynamicOccludee: 1
  m_MotionVectors: 1
  m_LightProbeUsage: 1
  m_ReflectionProbeUsage: 1
  m_RayTracingMode: 2
  m_RenderingLayerMask: 1
  m_RendererPriority: 0
  m_Materials:
  - {fileID: 2100000, guid: decd62225764b4f1c997f988541514b2, type: 2}
  m_StaticBatchInfo:
    firstSubMesh: 0
    subMeshCount: 0
  m_StaticBatchRoot: {fileID: 0}
  m_ProbeAnchor: {fileID: 0}
  m_LightProbeVolumeOverride: {fileID: 0}
  m_ScaleInLightmap: 1
  m_ReceiveGI: 1
  m_PreserveUVs: 0
  m_IgnoreNormalsForChartDetection: 0
  m_ImportantGI: 0
  m_StitchLightmapSeams: 1
  m_SelectedEditorRenderState: 3
  m_MinimumChartSize: 4
  m_AutoUVMaxDistance: 0.5
  m_AutoUVMaxAngle: 89
  m_LightmapParameters: {fileID: 0}
  m_SortingLayerID: 0
  m_SortingLayer: 0
  m_SortingOrder: 0
--- !u!114 &7285435210174887179
MonoBehaviour:
  m_ObjectHideFlags: 0
  m_CorrespondingSourceObject: {fileID: 0}
  m_PrefabInstance: {fileID: 0}
  m_PrefabAsset: {fileID: 0}
  m_GameObject: {fileID: 6288968811206718767}
  m_Enabled: 1
  m_EditorHideFlags: 0
  m_Script: {fileID: 11500000, guid: f1930e6e402ca0645ade40eff5197ff6, type: 3}
  m_Name: 
  m_EditorClassIdentifier: 
  "Da\xF1o": 20
  VelocidadDisparo: 1
  Propagacion: 0.06
  Alcance: 100
  TiempoRecarga: 2
  TiempoEntreDisparo: 0
  "Tama\xF1oCargador": 24
  BalaPorDisparo: 6
  MantenerPulsado: 1
  CamaraArma: {fileID: 0}
  PuntoDisparo: {fileID: 4458184572488287479}
  "FlashCa\xF1on": {fileID: 5626770519566113488, guid: ecc1c915eea2846fe8ec25cf2df26618,
    type: 3}
  Proyectiles: {fileID: 9165506563877955968, guid: 71f2407c933ff46d1b38c75bf2a6fe0d,
    type: 3}
  Municion: {fileID: 0}
--- !u!65 &7356844564578191107
BoxCollider:
  m_ObjectHideFlags: 0
  m_CorrespondingSourceObject: {fileID: 0}
  m_PrefabInstance: {fileID: 0}
  m_PrefabAsset: {fileID: 0}
  m_GameObject: {fileID: 6288968811206718767}
  m_Material: {fileID: 0}
  m_IsTrigger: 1
  m_Enabled: 0
  serializedVersion: 2
  m_Size: {x: 0.25583622, y: 0.8069806, z: 3.5210085}
  m_Center: {x: -0.0015351921, y: -0.12166554, z: 0.44022226}
