%YAML 1.1
%TAG !u! tag:unity3d.com,2011:
--- !u!1 &447458811175277703
GameObject:
  m_ObjectHideFlags: 0
  m_CorrespondingSourceObject: {fileID: 0}
  m_PrefabInstance: {fileID: 0}
  m_PrefabAsset: {fileID: 0}
  serializedVersion: 6
  m_Component:
  - component: {fileID: 1795888046296750662}
  m_Layer: 0
  m_Name: "Ca\xF1on"
  m_TagString: Untagged
  m_Icon: {fileID: 0}
  m_NavMeshLayer: 0
  m_StaticEditorFlags: 0
  m_IsActive: 1
--- !u!4 &1795888046296750662
Transform:
  m_ObjectHideFlags: 0
  m_CorrespondingSourceObject: {fileID: 0}
  m_PrefabInstance: {fileID: 0}
  m_PrefabAsset: {fileID: 0}
  m_GameObject: {fileID: 447458811175277703}
  m_LocalRotation: {x: 0.00000003774895, y: 1.11022296e-16, z: -1.11022296e-16, w: 1}
  m_LocalPosition: {x: -0, y: 0.201, z: 1.76}
  m_LocalScale: {x: 1, y: 1, z: 1}
  m_Children: []
  m_Father: {fileID: 1136946625945940109}
  m_RootOrder: 0
  m_LocalEulerAnglesHint: {x: 0, y: 0, z: 0}
--- !u!1 &1136946625945644205
GameObject:
  m_ObjectHideFlags: 0
  m_CorrespondingSourceObject: {fileID: 0}
  m_PrefabInstance: {fileID: 0}
  m_PrefabAsset: {fileID: 0}
  serializedVersion: 6
  m_Component:
  - component: {fileID: 1136946625945940109}
  - component: {fileID: 1136946625946742957}
  - component: {fileID: 1136946625947841133}
  - component: {fileID: 2146369223134823517}
  - component: {fileID: -8294820917478507414}
  m_Layer: 0
  m_Name: Rifle
  m_TagString: Untagged
  m_Icon: {fileID: 0}
  m_NavMeshLayer: 0
  m_StaticEditorFlags: 0
  m_IsActive: 1
--- !u!4 &1136946625945940109
Transform:
  m_ObjectHideFlags: 0
  m_CorrespondingSourceObject: {fileID: 0}
  m_PrefabInstance: {fileID: 0}
  m_PrefabAsset: {fileID: 0}
  m_GameObject: {fileID: 1136946625945644205}
  m_LocalRotation: {x: -0.00000003774895, y: -1.11022296e-16, z: 1.11022296e-16, w: 1}
  m_LocalPosition: {x: 0, y: 2, z: 9}
  m_LocalScale: {x: 1, y: 1, z: 1}
  m_Children:
  - {fileID: 1795888046296750662}
  m_Father: {fileID: 0}
  m_RootOrder: 0
  m_LocalEulerAnglesHint: {x: 0, y: 0, z: 0}
--- !u!33 &1136946625946742957
MeshFilter:
  m_ObjectHideFlags: 0
  m_CorrespondingSourceObject: {fileID: 0}
  m_PrefabInstance: {fileID: 0}
  m_PrefabAsset: {fileID: 0}
  m_GameObject: {fileID: 1136946625945644205}
  m_Mesh: {fileID: 4300000, guid: b5f3858332a430645b1c20857c9f9f54, type: 3}
--- !u!23 &1136946625947841133
MeshRenderer:
  m_ObjectHideFlags: 0
  m_CorrespondingSourceObject: {fileID: 0}
  m_PrefabInstance: {fileID: 0}
  m_PrefabAsset: {fileID: 0}
  m_GameObject: {fileID: 1136946625945644205}
  m_Enabled: 1
  m_CastShadows: 1
  m_ReceiveShadows: 1
  m_DynamicOccludee: 1
  m_MotionVectors: 1
  m_LightProbeUsage: 1
  m_ReflectionProbeUsage: 1
  m_RayTracingMode: 2
  m_RenderingLayerMask: 1
  m_RendererPriority: 0
  m_Materials:
  - {fileID: 2100000, guid: decd62225764b4f1c997f988541514b2, type: 2}
  m_StaticBatchInfo:
    firstSubMesh: 0
    subMeshCount: 0
  m_StaticBatchRoot: {fileID: 0}
  m_ProbeAnchor: {fileID: 0}
  m_LightProbeVolumeOverride: {fileID: 0}
  m_ScaleInLightmap: 1
  m_ReceiveGI: 1
  m_PreserveUVs: 0
  m_IgnoreNormalsForChartDetection: 0
  m_ImportantGI: 0
  m_StitchLightmapSeams: 1
  m_SelectedEditorRenderState: 3
  m_MinimumChartSize: 4
  m_AutoUVMaxDistance: 0.5
  m_AutoUVMaxAngle: 89
  m_LightmapParameters: {fileID: 0}
  m_SortingLayerID: 0
  m_SortingLayer: 0
  m_SortingOrder: 0
--- !u!114 &2146369223134823517
MonoBehaviour:
  m_ObjectHideFlags: 0
  m_CorrespondingSourceObject: {fileID: 0}
  m_PrefabInstance: {fileID: 0}
  m_PrefabAsset: {fileID: 0}
  m_GameObject: {fileID: 1136946625945644205}
  m_Enabled: 1
  m_EditorHideFlags: 0
  m_Script: {fileID: 11500000, guid: f1930e6e402ca0645ade40eff5197ff6, type: 3}
  m_Name: 
  m_EditorClassIdentifier: 
  "Da\xF1o": 20
  VelocidadDisparo: 0.05
  Propagacion: 0.02
  Alcance: 100
  TiempoRecarga: 1
  TiempoEntreDisparo: 0
  "Tama\xF1oCargador": 30
  BalaPorDisparo: 1
  MantenerPulsado: 1
  CamaraArma: {fileID: 0}
  PuntoDisparo: {fileID: 1795888046296750662}
  "FlashCa\xF1on": {fileID: 5626770519566113488, guid: ecc1c915eea2846fe8ec25cf2df26618,
    type: 3}
  Proyectiles: {fileID: 9165506563877955968, guid: c5130bebd1c1c49a684beef179174017,
    type: 3}
  Municion: {fileID: 0}
--- !u!65 &-8294820917478507414
BoxCollider:
  m_ObjectHideFlags: 0
  m_CorrespondingSourceObject: {fileID: 0}
  m_PrefabInstance: {fileID: 0}
  m_PrefabAsset: {fileID: 0}
  m_GameObject: {fileID: 1136946625945644205}
  m_Material: {fileID: 0}
  m_IsTrigger: 1
  m_Enabled: 1
  serializedVersion: 2
  m_Size: {x: 0.2317477, y: 0.938117, z: 2.8016148}
  m_Center: {x: 0.0034544244, y: -0.037770033, z: 0.42941582}
